@inproceedings{report,
  author    = {{\'{E}}douard Bonnet and
               Florian Sikora},
  title     = {The {PACE} 2018 Parameterized Algorithms and Computational Experiments
               Challenge: The Third Iteration},
  booktitle = {13th International Symposium on Parameterized and Exact Computation,
               {IPEC} 2018, August 20-24, 2018, Helsinki, Finland},
  pages     = {26:1--26:15},
  year      = {2018},
  url       = {https://doi.org/10.4230/LIPIcs.IPEC.2018.26},
  doi       = {10.4230/LIPIcs.IPEC.2018.26},
  timestamp = {Wed, 06 Feb 2019 10:30:34 +0100},
  biburl    = {https://dblp.org/rec/bib/conf/iwpec/BonnetS18},
  bibsource = {dblp computer science bibliography, https://dblp.org}
}

@inproceedings{stars,
  author    = {Pavel Dvoř{\'{a}}k and
               Andreas Emil Feldmann and
               Dušan Knop and
               Tom{\'{a}}s Masař{\'{\i}}k and
               Tomáš Toufar and
               Pavel Vesel{\'{y}}},
  title     = {Parameterized Approximation Schemes for Steiner Trees with Small Number
               of Steiner Vertices},
  booktitle = {35th Symposium on Theoretical Aspects of Computer Science, {STACS}
               2018, February 28 to March 3, 2018, Caen, France},
  pages     = {26:1--26:15},
  year      = {2018},
  url       = {https://doi.org/10.4230/LIPIcs.STACS.2018.26},
  doi       = {10.4230/LIPIcs.STACS.2018.26},
  timestamp = {Fri, 30 Nov 2018 13:32:25 +0100},
  biburl    = {https://dblp.org/rec/bib/conf/stacs/DvorakFKMTV18},
  bibsource = {dblp computer science bibliography, https://dblp.org}
}
@article{TDT,
  author    = {Eduardo Uchoa and
               Marcus Poggi de Arag{\~{a}}o and
               Celso C. Ribeiro},
  title     = {Preprocessing Steiner problems from {VLSI} layout},
  journal   = {Networks},
  volume    = {40},
  number    = {1},
  pages     = {38--50},
  year      = {2002},
  url       = {https://doi.org/10.1002/net.10035},
  doi       = {10.1002/net.10035},
  timestamp = {Sun, 28 May 2017 13:19:56 +0200},
  biburl    = {https://dblp.org/rec/bib/journals/networks/UchoaAR02},
  bibsource = {dblp computer science bibliography, https://dblp.org}
}
@article{DW,
  author    = {S. E. Dreyfus and
               R. A. Wagner},
  title     = {The steiner problem in graphs},
  journal   = {Networks},
  volume    = {1},
  number    = {3},
  pages     = {195--207},
  year      = {1971},
  url       = {https://doi.org/10.1002/net.3230010302},
  doi       = {10.1002/net.3230010302},
  timestamp = {Sun, 28 May 2017 13:19:52 +0200},
  biburl    = {https://dblp.org/rec/bib/journals/networks/DreyfusW71},
  bibsource = {dblp computer science bibliography, https://dblp.org}
}
@book{boost,
 title = {The Boost Graph Library: User Guide and Reference Manual},
 year = {2002},
 isbn = {0-201-72914-8},
 publisher = {Addison-Wesley Longman Publishing Co., Inc.},
 address = {Boston, MA, USA},
key = {{$\!\!$}},
}
